<record><leader>00000cas a22000007a 4500</leader><controlfield tag="001">21056317</controlfield><controlfield tag="008">900213d182u1827nyuuu ne      0    0eng d</controlfield><datafield ind1=" " ind2=" " tag="010"><subfield code="a">sn 90066001 </subfield></datafield><datafield ind1=" " ind2=" " tag="040"><subfield code="a">NYS</subfield><subfield code="b">eng</subfield><subfield code="c">NYS</subfield><subfield code="d">OCL</subfield><subfield code="d">OCLCQ</subfield><subfield code="d">OCLCF</subfield><subfield code="d">OCLCO</subfield></datafield><datafield ind1=" " ind2=" " tag="042"><subfield code="a">msc</subfield></datafield><datafield ind1=" " ind2=" " tag="043"><subfield code="a">n-us-ny</subfield></datafield><datafield ind1="0" ind2="4" tag="245"><subfield code="a">The Ovid gazette, and general advertiser.</subfield></datafield><datafield ind1=" " ind2=" " tag="260"><subfield code="a">Ovid, N.Y. :</subfield><subfield code="b">M. Hayes</subfield></datafield><datafield ind1=" " ind2=" " tag="300"><subfield code="a">v.</subfield></datafield><datafield ind1="1" ind2=" " tag="362"><subfield code="a">Ceased in 1827.</subfield></datafield><datafield ind1=" " ind2=" " tag="588"><subfield code="a">Description based on: Vol. 10, no. 24 (Apr. 3, 1827).</subfield></datafield><datafield ind1=" " ind2="0" tag="651"><subfield code="a">Ovid (N.Y.)</subfield><subfield code="v">Newspapers.</subfield></datafield><datafield ind1=" " ind2="7" tag="655"><subfield code="a">Newspapers.</subfield><subfield code="2">fast</subfield><subfield code="0">(OCoLC)fst01423814</subfield></datafield><datafield ind1=" " ind2="7" tag="651"><subfield code="a">New York (State)</subfield><subfield code="z">Ovid.</subfield><subfield code="2">fast</subfield><subfield code="0">(OCoLC)fst01203322</subfield></datafield><datafield ind1=" " ind2=" " tag="752"><subfield code="a">United States</subfield><subfield code="b">New York</subfield><subfield code="c">Seneca</subfield><subfield code="d">Ovid.</subfield></datafield><datafield ind1="0" ind2="0" tag="780"><subfield code="t">Ovid gazette (Ovid, N.Y. : 1816)</subfield><subfield code="w">(DLC)sn 85038701</subfield></datafield><datafield ind1="0" ind2="0" tag="785"><subfield code="t">Seneca Republican (Ovid, N.Y.)</subfield><subfield code="w">(DLC)sn 85026893</subfield></datafield></record>